@article{Zuiderveld,
author = {K. Zuiderveld},
title = {Contrast Limited Adaptive Histogram Equalization},
journal = {P. Heckbert: Graphic Gems IV},
isbn = {0-12-336155-9},
year = 1994
}

@article{Kurak,
author = {C.W. Kurak Jr.},
title = {Adaptive Histogram Equalization, a Parallel Implementation},
journal = {Fourth Annual IEEE Symposium on Computer-Based Medical Systems},
pages = {192--199},
year = 1991
}

@misc{Hillaire,
author = {S. Hillaire},
title = {Uniform \& Adaptive Histogram Equalization},
howpublished = {\url{http://sebastien.hillaire.free.fr/index.php?option=com_content&view=article&id=59&Itemid=70}},
note = {Accessed: 2015-12-12},
year = 2013}
